@misc{anoma-taiga,
author = {{Heliax AG}},
license = {MIT},
title = {{Taiga Implementation}},
url = {https://github.com/anoma/taiga/},
year = {2023}
}

@misc{anoma-geb,
author = {{Heliax AG}},
license = {MIT},
title = {{Geb Lisp Implementation}},
url = {https://github.com/anoma/geb/},
year = {2023}
}

@misc{anoma-vampir,
author = {{Heliax AG}},
license = {MIT},
title = {{VampIR Rust Implementation}},
url = {https://github.com/anoma/vamp-ir/},
year = {2023}
}

@misc{anoma-juvix,
author = {{Heliax AG}},
license = {MIT},
title = {{Juvix Compiler}},
url = {https://github.com/anoma/juvix/},
year = {2023}
}

@article{juvix-to-vampir,
  title        = {{Juvix to VampIR Pipeline}},
  author       = {Lukasz Czajka},
  year         = 2023,
  month        = aug,
  journal      = {{Anoma Research Topics}},
  publisher    = {Zenodo},
  doi          = {10.5281/zenodo.8246535},
  url          = {https://doi.org/10.5281/zenodo.8246535},
  note         = {{This document is based on Juvix v0.4.1, Geb v0.4.0, and VampIR v0.1.3.}},
  version      = {August 21, 2023}
}
@article{geb-pipeline,
  title        = {{Geb Pipeline}},
  author       = {Artem Gureev and Jonathan Prieto-Cubides},
  year         = 2023,
  month        = aug,
  journal      = {{Anoma Research Topics}},
  publisher    = {Zenodo},
  doi          = {10.5281/zenodo.8262815},
  url          = {https://doi.org/10.5281/zenodo.8262815},
  version      = {August 21, 2023}
}
@article{lukasz_czajka_2023_8297159,
  title        = {{The Core language of Juvix}},
  author       = {Lukasz Czajka},
  year         = 2023,
  month        = aug,
  journal      = {{Anoma Research Topics}},
  publisher    = {Zenodo},
  doi          = {10.5281/zenodo.8297159},
  url          = {https://doi.org/10.5281/zenodo.8297159},
  version      = {August 29, 2023}
}
@article{christopher_goes_2023_8279842,
  title        = {{Anoma: a unified architecture for full-stack decentralised applications}},
  author       = {Christopher Goes and Awa Sun Yin and Adrian Brink},
  year         = 2023,
  month        = aug,
  journal      = {{Anoma Research Topics}},
  publisher    = {Zenodo},
  doi          = {10.5281/zenodo.8279842},
  url          = {https://doi.org/10.5281/zenodo.8279842},
  version      = {August 21, 2022}
}
@article{anthony_hart_2023_8262815,
  title        = {{Rethinking VampIR}},
  author       = {Anthony Hart},
  year         = 2023,
  month        = aug,
  journal      = {{Anoma Research Topics}},
  publisher    = {Zenodo},
  doi          = {10.5281/zenodo.8262815},
  url          = {https://doi.org/10.5281/zenodo.8262815},
  note         = {This document is based on VampIR v0.1.3.},
  version      = {August 29, 2023}
}

@misc{cryptoeprint:2023/552,
      author = {Srinath Setty and Justin Thaler and Riad Wahby},
      title = {Customizable constraint systems for succinct arguments},
      howpublished = {Cryptology ePrint Archive, Paper 2023/552},
      year = {2023},
      note = {\url{https://eprint.iacr.org/2023/552}},
      url = {https://eprint.iacr.org/2023/552}
}

@misc{cryptoeprint:2016/260,
      author = {Jens Groth},
      title = {On the Size of Pairing-based Non-interactive Arguments},
      howpublished = {Cryptology ePrint Archive, Paper 2016/260},
      year = {2016},
      note = {\url{https://eprint.iacr.org/2016/260}},
      url = {https://eprint.iacr.org/2016/260}
}

@misc{cryptoeprint:2019/1047,
      author = {Alessandro Chiesa and Yuncong Hu and Mary Maller and Pratyush Mishra and Psi Vesely and Nicholas Ward},
      title = {Marlin: Preprocessing zkSNARKs with Universal and Updatable SRS},
      howpublished = {Cryptology ePrint Archive, Paper 2019/1047},
      year = {2019},
      note = {\url{https://eprint.iacr.org/2019/1047}},
      url = {https://eprint.iacr.org/2019/1047}
}

@misc{cryptoeprint:2021/370,
      author = {Abhiram Kothapalli and Srinath Setty and Ioanna Tzialla},
      title = {Nova: Recursive Zero-Knowledge Arguments from Folding Schemes},
      howpublished = {Cryptology ePrint Archive, Paper 2021/370},
      year = {2021},
      note = {\url{https://eprint.iacr.org/2021/370}},
      url = {https://eprint.iacr.org/2021/370}
}

@misc{halo2-repo,
author = {{ZCash Foundation}},
license = {MIT},
title = {{Halo2}},
url = {https://github.com/zcash/halo2},
year = {2023}
}

@misc{cryptoeprint:2019/953,
      author = {Ariel Gabizon and Zachary J.  Williamson and Oana Ciobotaru},
      title = {PLONK: Permutations over Lagrange-bases for Oecumenical Noninteractive arguments of Knowledge},
      howpublished = {Cryptology ePrint Archive, Paper 2019/953},
      year = {2019},
      note = {\url{https://eprint.iacr.org/2019/953}},
      url = {https://eprint.iacr.org/2019/953}
}

@misc{plonkish-arithmetisation,
author = {{Ariel Gabizon}},
title = {{Plonkish Arithmetization}},
url = {https://hackmd.io/@aztec-network/plonk-arithmetiization-air},
year = {2021}
}